@misc{ubach2025,
  author = {Andreu Ubach Permanyer},
  title = {Comunicació personal},
  year = {2025},
  note = {Conversacions per correu electrònic}
}

@article{Alonso2015,
author = {Alonso, David and Pinyol-Gallem{\'{i}}, Aleix and Alcoverro, Teresa and Arthur, Rohan},
doi = {10.1111/ele.12426},
editor = {Mouillot, David},
issn = {1461023X},
journal = {Ecology Letters},
keywords = {Coral reef fish communities,MacArthur and Wilson island biogeography,dispersal community assembly,niche community assembly,post‐disturbance community reassembly,stochastic extinction‐colonisation models,trophic island biogeography},
month = {may},
number = {5},
pages = {451--461},
title = {{Fish community reassembly after a coral mass mortality: higher trophic groups are subject to increased rates of extinction}},
url = {http://doi.wiley.com/10.1111/ele.12426},
volume = {18},
year = {2015}
}

@article{Ontiveros2019,
author = {Ontiveros, Vicente J. and Capit{\'{a}}n, Jos{\'{e}} A. and Arthur, Rohan and Casamayor, Emilio O. and Alonso, David},
doi = {10.1111/2041-210X.13176},
editor = {Price, Samantha},
file = {:home/vicente/.local/share/data/Mendeley Ltd./Mendeley Desktop/Downloaded/Ontiveros et al. - 2019 - Colonization and extinction rates estimated from temporal dynamics of ecological communities The island r pack.pdf:pdf},
issn = {2041-210X},
journal = {Methods in Ecology and Evolution},
keywords = {colonization,community ecology,effective models,extinction,island biogeography,r package,stochastic processes,temporal dynamics},
month = {apr},
number = {7},
pages = {2041--210X.13176},
publisher = {John Wiley {\&} Sons, Ltd (10.1111)},
title = {{Colonization and extinction rates estimated from temporal dynamics of ecological communities: The island {\textless}scp{\textgreater}r{\textless}/scp{\textgreater} package}},
url = {https://onlinelibrary.wiley.com/doi/abs/10.1111/2041-210X.13176},
volume = {10},
year = {2019}
}

@Article{MacKenzie03,
  author = 	 {D. L. MacKenzie and J. D. Nichols and J. E. Hines and M. G. Knutson and A. B. Franklin},
  title = 	 {Estimating site occupancy, colonization and local extinction when a species is detected imperfectly},
  journal = 	 {Ecology},
  year = 	 {2003},
  volume = 	 {84},
  number = 	 {8},
  pages = 	 {2200-2207}
}

@book{hanski2004ecology,
  title={Ecology, genetics and evolution of metapopulations},
  author={Hanski, Ilkka A and Gaggiotti, Oscar E},
  year={2004},
  publisher={Academic Press}
}
@article{hanski1991single,
  title = {Single-species metapopulation dynamics: concepts, models and observations},
  author = {Hanski, Ilkka},
  journal = {Biological Journal of the Linnean Society},
  volume = {42},
  number = {1-2},
  pages = {17--38},
  year = {1991},
  publisher = {Oxford University Press},
  doi = {10.1111/j.1095-8312.1991.tb00549.x}
}


@book{gotelli_2008,
  title     = {Introducción a la ecología},
  author    = {Gotelli, Nicholas J.},
  year      = {2008},
  edition   = {4ta ed.},
  publisher = {Sinauer Associates},
  address   = {Sunderland, MA}
}

@book{MacArthurWilson67,
  author    = {Robert H. MacArthur and Edward O. Wilson},
  title     = {The Theory of Island Biogeography},
  year      = {1967},
  publisher = {Princeton University Press},
  address   = {Princeton, NJ},
}

@article{Middleton-WellingJoseph2020-HPI,
issn = {2052-4463},
journal = {Scientific data.},
pages = {1--10},
volume = {7},
publisher = {Nature Publishing Group,},
number = {1},
year = {2020},
title = {A new comprehensive trait database of European and Maghreb butterflies, Papilionoidea},
address = {London :},
author = {Middleton-Welling, Joseph and Dapporto, Leonardo and García-Barros, Enrique and Wiemers, Martin and Nowicki, Piotr and Plazio, Elisa and Bonelli, Simona and Zaccagno, Michele and Šašić, Martina and Liparova, Jana and Schweiger, Oliver and Harpke, Alexander and Musche, Martin and Settele, Josef and Schmucki, Reto and Shreeve, Tim},
}

@article{colom2022-HPI,
  title={Phenological sensitivity and seasonal variability explain climate-driven trends in Mediterranean butterflies},
  author={Colom, Pau and Ninyerola, Miquel and Pons, Xavier and Traveset, Anna and Stefanescu, Constant{\'\i}},
  journal={Proceedings of the Royal Society B},
  volume={289},
  number={1973},
  pages={20220251},
  year={2022},
  publisher={The Royal Society}
}

@book{lepidopters2023,
author = {J. Doe},
title = {Lepidoptera: An Overview of the Butterfly and Moth Species},
year = {2023},
publisher = {Nature Publications}
}

@article{stefanescu2011-SSI,
  title={Determinants of species richness in generalist and specialist Mediterranean butterflies: the negative synergistic forces of climate and habitat change},
  author={Stefanescu, Constanti and Carnicer, Jofre and Penuelas, Josep},
  journal={Ecography},
  volume={34},
  number={3},
  pages={353--363},
  year={2011},
  publisher={Wiley Online Library}
}

@article{julliard2006-SSI,
  title={Spatial segregation of specialists and generalists in bird communities},
  author={Julliard, Romain and Clavel, Joanne and Devictor, Vincent and Jiguet, Fr{\'e}d{\'e}ric and Couvet, Denis},
  journal={Ecology letters},
  volume={9},
  number={11},
  pages={1237--1244},
  year={2006},
  publisher={Wiley Online Library}
}

@article{thomas2005,
  title={Monitoring change in the abundance and distribution of insects using butterflies and other indicator groups},
  author={Thomas, JA},
  journal={Philosophical Transactions of the Royal Society B: Biological Sciences},
  volume={360},
  number={1454},
  pages={339--357},
  year={2005},
  publisher={The Royal Society London}
}

@inbook{kaplan_glass_1995,
  author    = {Daniel Kaplan and Leon Glass},
  title     = {Understanding Nonlinear Dynamics},
  chapter   = {1.5, Steady States and Their Stability},
  pages     = {12--20},
  year      = {1995},
  publisher = {Springer-Verlag},
  address   = {New York},
}

@article{press1992,
  author       = {Press, W.H. and Teukolsky, S.A.},
  title        = {Adaptive Step Size Runge-Kutta Integration},
  journal      = {Computers in Physics},
  volume       = {6},
  number       = {2},
  pages        = {188},
  year         = {1992},
  doi          = {10.1063/1.4823060},
}

@article{press1992,
  author       = {Press, W.H. and Teukolsky, S.A.},
  title        = {Adaptive Step Size Runge-Kutta Integration},
  journal      = {Computers in Physics},
  volume       = {6},
  number       = {2},
  pages        = {188},
  year         = {1992},
  doi          = {10.1063/1.4823060},
}

@article{kendall1948,
  author       = {David G. Kendall},
  title        = {On Some Modes of Population Growth Leading to R. A. Fisher's Logarithmic Series Distribution},
  journal      = {Biometrika},
  volume       = {35},
  number       = {1/2},
  pages        = {6--15},
  year         = {1948},
  publisher    = {Oxford University Press on behalf of Biometrika Trust},
  url          = {https://www.jstor.org/stable/2332624},
}

@article{gillespie1976,
  author       = {Gillespie, Daniel T.},
  title        = {A General Method for Numerically Simulating the Stochastic Time Evolution of Coupled Chemical Reactions},
  journal      = {Journal of Computational Physics},
  volume       = {22},
  number       = {4},  
  pages        = {403--434},
  year         = {1976},
  doi          = {10.1016/0021-9991(76)90041-3},
  url          = {http://dx.doi.org/10.1016/0021-9991(76)90041-3},
}
@article{wilson1994coexistence,
  title={On the coexistence of specialists and generalists},
  author={Wilson, David Sloan and Yoshimura, Jin},
  journal={The American Naturalist},
  volume={144},
  number={4},
  pages={692--707},
  year={1994},
  publisher={University of Chicago Press}
}

@article{warren2001,
  title={Rapid responses of British butterflies to opposing forces of climate and habitat change},
  author={Warren, MS and Hill, JK and Thomas, JA and Asher, J and Fox, R and Huntley, B and Roy, DB and Telfer, MG and Jeffcoate, S and Harding, P and others},
  journal={Nature},
  volume={414},
  number={6859},
  pages={65--69},
  year={2001},
  publisher={Nature Publishing Group UK London}
}

@article{alonso2002extinction,
  title={Extinction dynamics in mainland-island metapopulations: An N-patch stochastic model},
  author={Alonso, David and McKane, Alan},
  journal={Bulletin of Mathematical Biology},
  volume={64},
  number={6},
  pages={913--958},
  year={2002},
  publisher={Elsevier},
  doi={10.1006/bulm.2002.0307}
}