@book{gotelli_2008,
  title     = {Introducción a la ecología},
  author    = {Gotelli, Nicholas J.},
  year      = {2008},
  edition   = {4ta ed.},
  publisher = {Sinauer Associates},
  address   = {Sunderland, MA}
}

@article{stefanescu2011determinants,
  title={Determinants of species richness in generalist and specialist Mediterranean butterflies: the negative synergistic forces of climate and habitat change},
  author={Stefanescu, Constanti and Carnicer, Jofre and Penuelas, Josep},
  journal={Ecography},
  volume={34},
  number={3},
  pages={353--363},
  year={2011},
  publisher={Wiley Online Library}
}

@article{julliard2006,
  title={Spatial segregation of specialists and generalists in bird communities},
  author={Julliard, Romain and Clavel, Joanne and Devictor, Vincent and Jiguet, Fr{\'e}d{\'e}ric and Couvet, Denis},
  journal={Ecology letters},
  volume={9},
  number={11},
  pages={1237--1244},
  year={2006},
  publisher={Wiley Online Library}
}

@article{thomas2005,
  title={Monitoring change in the abundance and distribution of insects using butterflies and other indicator groups},
  author={Thomas, JA},
  journal={Philosophical Transactions of the Royal Society B: Biological Sciences},
  volume={360},
  number={1454},
  pages={339--357},
  year={2005},
  publisher={The Royal Society London}
}

@inbook{kaplan_glass_1995,
  author    = {Daniel Kaplan and Leon Glass},
  title     = {Understanding Nonlinear Dynamics},
  chapter   = {1.5, Steady States and Their Stability},
  pages     = {12--20},
  year      = {1995},
  publisher = {Springer-Verlag},
  address   = {New York},
}

@article{press1992,
  author       = {Press, W.H. and Teukolsky, S.A.},
  title        = {Adaptive Step Size Runge-Kutta Integration},
  journal      = {Computers in Physics},
  volume       = {6},
  number       = {2},
  pages        = {188},
  year         = {1992},
  doi          = {10.1063/1.4823060},
}

@article{press1992,
  author       = {Press, W.H. and Teukolsky, S.A.},
  title        = {Adaptive Step Size Runge-Kutta Integration},
  journal      = {Computers in Physics},
  volume       = {6},
  number       = {2},
  pages        = {188},
  year         = {1992},
  doi          = {10.1063/1.4823060},
}

@article{kendall1948,
  author       = {David G. Kendall},
  title        = {On Some Modes of Population Growth Leading to R. A. Fisher's Logarithmic Series Distribution},
  journal      = {Biometrika},
  volume       = {35},
  number       = {1/2},
  pages        = {6--15},
  year         = {1948},
  publisher    = {Oxford University Press on behalf of Biometrika Trust},
  url          = {https://www.jstor.org/stable/2332624},
}

@article{gillespie1976,
  author       = {Gillespie, Daniel T.},
  title        = {A General Method for Numerically Simulating the Stochastic Time Evolution of Coupled Chemical Reactions},
  journal      = {Journal of Computational Physics},
  volume       = {22},
  number       = {4},  
  pages        = {403--434},
  year         = {1976},
  doi          = {10.1016/0021-9991(76)90041-3},
  url          = {http://dx.doi.org/10.1016/0021-9991(76)90041-3},
}

@article{alonso2002extinction,
  title={Extinction dynamics in mainland-island metapopulations: An N-patch stochastic model},
  author={Alonso, David and McKane, Alan},
  journal={Bulletin of Mathematical Biology},
  volume={64},
  number={6},
  pages={913--958},
  year={2002},
  publisher={Elsevier},
  doi={10.1006/bulm.2002.0307}
}